@online{SimpleLanguage,
    author = {GraalVM},
    title = {SimpleLanguage : A simple example language built using the Truffle API},
    year = {2015},
    url = {https://github.com/graalvm/simplelanguage}
}
@online{JIProlog,
    author = {JIProlog},
    title = {JIProlog},
    year = {1998},
    url = {https://github.com/jiprolog/jiprolog/}
}
@conference{OneVM,
    author = {Christian Wimmer},
    title = {One VM to Rule Them All},
    year = 2016,
    organization = {Oracle Labs},
    address = {Santa Barbara CA},
    publisher = {PLDI 2016},
    url = {https://lafo.ssw.uni-linz.ac.at/pub/papers/2016_PLDI_Truffle.pdf}
}
@book{WarrenAM,
    author = {Hassan AÃ¯t-Kaci},
    title = {Warren's Abstract Machine: A Tutorial Reconstruction},
    publisher = {MIT Press},
    year = 1991,
    isbn = {0-262-51058-8}
}
@online{WritingTruffle,
    author = {Cristian Esquivias},
    title = {Writing a Language in Truffle},
    year = 2015,
    url = {https://cesquivias.github.io/tags/truffle.html}
}
@techreport{PrologSyntax,
    type = {Standard},
    key = {ISO/IEC 13211-1:1995},
    month = jun,
    year = 1995,
    volume = 1995,
    title = {{Information technology -- Programming languages -- Prolog}},
    address = {Geneva, CH},
    author = {ISO},
    institution = {International Organization for Standardization}
}
@online{ANTLRTutorial,
    author = {Federico Tomassetti},
    title = {The ANTLR Mega Tutorial},
    year = 2017,
    url = {https://tomassetti.me/antlr-mega-tutorial/}
}